<record><leader>00000cas a22000007a 4500</leader><controlfield tag="001">20750957</controlfield><controlfield tag="008">891208d19751975gauwr ne      0    0eng d</controlfield><datafield ind1=" " ind2=" " tag="010"><subfield code="a">sn 89053844 </subfield></datafield><datafield ind1=" " ind2=" " tag="040"><subfield code="a">NLG</subfield><subfield code="b">eng</subfield><subfield code="c">NLG</subfield><subfield code="d">OCLCQ</subfield></datafield><datafield ind1=" " ind2=" " tag="042"><subfield code="a">msc</subfield></datafield><datafield ind1="0" ind2="4" tag="245"><subfield code="a">The Georgia mountain news.</subfield></datafield><datafield ind1=" " ind2=" " tag="260"><subfield code="a">Hiawassee [Ga.] :</subfield><subfield code="b">Ernestine "Tina" Youngblood</subfield></datafield><datafield ind1=" " ind2=" " tag="300"><subfield code="a">v.</subfield></datafield><datafield ind1="0" ind2=" " tag="362"><subfield code="a">Vol. 1, no. 1 (Mar. 1, 1975)-v. 1, no. 6 (Apr. 10, 1975).</subfield></datafield><datafield ind1=" " ind2=" " tag="500"><subfield code="a">First issue is a broadside.</subfield></datafield><datafield ind1=" " ind2=" " tag="752"><subfield code="a">United States</subfield><subfield code="b">Georgia</subfield><subfield code="c">Towns</subfield><subfield code="d">Hiawassee.</subfield></datafield><datafield ind1=" " ind2=" " tag="752"><subfield code="a">United States</subfield><subfield code="b">Georgia</subfield><subfield code="c">Union.</subfield></datafield><datafield ind1=" " ind2=" " tag="752"><subfield code="a">United States</subfield><subfield code="b">North Carolina</subfield><subfield code="c">Clay</subfield><subfield code="d">Hayesville.</subfield></datafield><datafield ind1="0" ind2="0" tag="785"><subfield code="t">Mountain news (Hiawassee, Ga.)</subfield><subfield code="w">(DLC)sn 89053845</subfield></datafield></record>